@book{hpcfpc,
  title={High Performance Compilers for Parallel Computing},
  author={Wolfe, M.J.},
  isbn={9780805327304},
  lccn={94024588},
  year={1996},
  publisher={ADDISON WESLEY Publishing Company Incorporated}
}

@book{aapc,
  title={Algorithms and Parallel Computing},
  author={Gebali, F.},
  isbn={9780470934630},
  series={Wiley Series on Parallel and Distributed Computing},
  year={2011},
  publisher={Wiley}
}

@book{aipp,
  title={An Introduction to Parallel Programming},
  author={Pacheco, P.},
  isbn={9780080921440},
  series={An Introduction to Parallel Programming},
  year={2011},
  publisher={Elsevier Science}
}

@book{eopc,
  title={Encyclopedia of Parallel Computing},
  author={Padua, D.},
  number={v. 4},
  isbn={9780387097657},
  lccn={2011935063},
  series={Springer reference},
  year={2011},
  publisher={Springer}
}

@book{ocfma,
 author = {Kennedy, Ken and Allen, John R.},
 title = {Optimizing compilers for modern architectures: a dependence-based approach},
 year = {2002},
 isbn = {1-55860-286-0},
 publisher = {Morgan Kaufmann Publishers Inc.},
 address = {San Francisco, CA, USA},
}

@book{sopc,
  title={Source Book of Parallel Computing},
  author={Dongarra, J.J. and Foster, I. and Fox, G.C. and Gropp, W. and Kennedy, K. and Torczon, L. and White, A.},
  isbn={9781558608719},
  lccn={02107244},
  series={The Morgan Kaufmann Series in Computer Architecture and Design Series},
  year={2003},
  publisher={Morgan Kaufmann}
}
