@article{Seitz:1985,
 author = {Seitz, Charles L.},
 title = {The cosmic cube},
 journal = {Commun. ACM},
 issue_date = {Jan. 1985},
 volume = {28},
 number = {1},
 month = jan,
 year = {1985},
 issn = {0001-0782},
 pages = {22--33},
 numpages = {12},
 url = {http://doi.acm.org/10.1145/2465.2467},
 doi = {10.1145/2465.2467},
 acmid = {2467},
 publisher = {ACM},
 address = {New York, NY, USA},
}
