% vim: set ai tw=80 fileencoding=utf8: 
%-------------------------------------------------------------------------------
@inproceedings{Liu:2004,
 author = {Liu, Meilin and Zhuge, Qingfeng and Shao, Zili and Sha, Edwin H.-M.},
 title = {General loop fusion technique for nested loops considering timing and code size},
 booktitle = {Proceedings of the 2004 international conference on Compilers, architecture, and synthesis for embedded systems},
 series = {CASES '04},
 year = {2004},
 isbn = {1-58113-890-3},
 location = {Washington DC, USA},
 pages = {190--201},
 numpages = {12},
 url = {http://doi.acm.org/10.1145/1023833.1023860},
 doi = {10.1145/1023833.1023860},
 acmid = {1023860},
 publisher = {ACM},
 address = {New York, NY, USA},
 keywords = {code size, embedded DSP, loop fusion, retiming, scheduling},
}

@article{Chang:2004,
title = "Exploitation of parallelism to nested loops with dependence cycles ",
journal = "Journal of Systems Architecture ",
volume = "50",
number = "12",
pages = "729 - 742",
year = "2004",
note = "",
issn = "1383-7621",
doi = "http://dx.doi.org/10.1016/j.sysarc.2004.06.001",
url = "http://www.sciencedirect.com/science/article/pii/S1383762104000670",
author = "Weng-Long Chang and Chih-Ping Chu and Michael (Shan-Hui) Ho",
keywords = "Parallelizing compilers",
keywords = "Vectorizing compilers",
keywords = "Loop optimization",
keywords = "Data dependence analysis",
keywords = "Dependence cycle",
keywords = "Parallelism exploitation "
}

@article{Behera:2006,
 author = {Behera, Chandan Kumar and Kumar, Pawan},
 title = {An improved algorithm for loop dead optimization},
 journal = {SIGPLAN Not.},
 issue_date = {May 2006},
 volume = {41},
 number = {5},
 month = may,
 year = {2006},
 issn = {0362-1340},
 pages = {11--20},
 numpages = {10},
 url = {http://doi.acm.org/10.1145/1149982.1149984},
 doi = {10.1145/1149982.1149984},
 acmid = {1149984},
 publisher = {ACM},
 address = {New York, NY, USA},
 keywords = {compiler design, loop invariant computations, loop optimization},
}
