@article{McKinley:1996,
 author = {McKinley, Kathryn S. and Carr, Steve and Tseng, Chau-Wen},
 title = {Improving data locality with loop transformations},
 journal = {ACM Trans. Program. Lang. Syst.},
 issue_date = {July 1996},
 volume = {18},
 number = {4},
 month = jul,
 year = {1996},
 issn = {0164-0925},
 pages = {424--453},
 numpages = {30},
 acmid = {233564},
 publisher = {ACM},
 address = {New York, NY, USA},
 keywords = {Cache, compiler optimization, data locality, loop distribution, loop fusion, loop permutation, loop reversal, loop transformations, microprocessors, simulation},
} 

@inproceedings{Rivera:1999,
 author = {Rivera, Gabriel and Tseng, Chau-Wen},
 title = {Locality optimizations for multi-level caches},
 booktitle = {Proceedings of the 1999 ACM/IEEE conference on Supercomputing},
 series = {Supercomputing '99},
 year = {1999},
 isbn = {1-58113-091-0},
 location = {Portland, Oregon, USA},
 articleno = {2},
 acmid = {331534},
 publisher = {ACM},
 address = {New York, NY, USA},
} 

@inproceedings{Miniskar:2012,
 author = {Miniskar, Narasinga Rao and Gode, Pankaj Shailendra and Kohli, Soma and Yoo, Donghoon},
 title = {Function inlining and loop unrolling for loop acceleration in reconfigurable processors},
 booktitle = {Proceedings of the 2012 international conference on Compilers, architectures and synthesis for embedded systems},
 series = {CASES '12},
 year = {2012},
 isbn = {978-1-4503-1424-4},
 location = {Tampere, Finland},
 pages = {101--110},
 numpages = {10},
 acmid = {2380426},
 publisher = {ACM},
 address = {New York, NY, USA},
 keywords = {coarse grained reconfigurable arrays, compilers, optimizations, performance analysis, vliw},
}
