% vim: set ai tw=80 fileencoding=utf8: 
%-------------------------------------------------------------------------------

@article{Fisher:1983,
 author = {Fisher, Joseph A.},
 title = {Very Long Instruction Word architectures and the ELI-512},
 journal = {SIGARCH Comput. Archit. News},
 issue_date = {June 1983},
 volume = {11},
 number = {3},
 month = jun,
 year = {1983},
 issn = {0163-5964},
 pages = {140--150},
 numpages = {11},
 url = {http://dl.acm.org/citation.cfm?id=1067651.801649},
 acmid = {801649},
 publisher = {ACM},
 address = {New York, NY, USA},
} 

@ARTICLE{Flynn:1972, 
author={Flynn, M.}, 
journal={Computers, IEEE Transactions on}, 
title={Some Computer Organizations and Their Effectiveness}, 
year={1972}, 
volume={C-21}, 
number={9}, 
pages={948-960}, 
keywords={Automata;Computer aided instruction;Concurrent computing;Parallel processing;Performance evaluation;Time sharing computer systems;Transmission electron microscopy;Computer organization;instruction stream;overlapped;parallel processors;resource hierarchy}, 
doi={10.1109/TC.1972.5009071}, 
ISSN={0018-9340},}

@ARTICLE{Flynn:1966, 
author={Flynn, M.}, 
journal={Proceedings of the IEEE}, 
title={Very high-speed computing systems}, 
year={1966}, 
volume={54}, 
number={12}, 
pages={1901-1909}, 
keywords={Arithmetic;Art;Computer aided instruction;Hardware;Impedance matching;Large-scale systems;Pervasive computing;Scientific computing;Turing machines}, 
doi={10.1109/PROC.1966.5273}, 
ISSN={0018-9219},}

@article{Flynn:1996,
 author = {Flynn, Michael J. and Rudd, Kevin W.},
 title = {Parallel architectures},
 journal = {ACM Comput. Surv.},
 issue_date = {March 1996},
 volume = {28},
 number = {1},
 month = mar,
 year = {1996},
 issn = {0360-0300},
 pages = {67--70},
 numpages = {4},
 url = {http://doi.acm.org/10.1145/234313.234345},
 doi = {10.1145/234313.234345},
 acmid = {234345},
 publisher = {ACM},
 address = {New York, NY, USA},
} 

@book{Openshaw:1999,
  title={High Performance Computing and the Art of Parallel Programming: An Introduction for Geographers, Social Scientists and Engineers},
  author={Openshaw, S. and Turton, I.},
  isbn={9780415156929},
  lccn={99018439},
  url={http://books.google.com.br/books?id=Q-ovcxwhwLwC},
  year={1999},
  publisher={Taylor \& Francis}
}
